@Misc{dcm4che,
key = {dcm4che},
title = {dcm4che},
howpublished = {\urlstyle{biburl} \url{http://www.dcm4che.org/}},
note = {dernière visite 20/10/2012}
}

@Misc{pixelmed,
key = {pixelmed},
title = {pixelmed},
howpublished = {\urlstyle{biburl} \url{http://www.pixelmed.com/}},
note = {dernière visite 20/10/2012}
}
